@article{whitepaper,
  title={Sphinx-4: A flexible open source framework for speech recognition},
  author={Walker, Willie and Lamere, Paul and Kwok, Philip and Raj, Bhiksha and Singh, Rita and Gouvea, Evandro and Wolf, Peter and Woelfel, Joe},
  year={2004},
  publisher={Sun Microsystems, Inc.}
}

@article{lai,
  title={Conversational speech interfaces and technologies},
  author={Lai, Jennifer and Karat, Clare-Marie and Yankelovich, Nicole},
  journal={The human-computer interaction handbook: Fundamentals, evolving technologies and emerging applications},
  pages={481--491},
  year={2008}
}

@misc{bworld,
  author = {Ingo LÃ¼tkebohle},
  title = {{BWorld Robot Control Software}},
  howpublished = "\url{http://aiweb.techfak.uni-bielefeld.de/content/bworld-robot-control-software/}",
  year = {2008},
  note = "[Online; accessed 19-July-2008]"
}

@inproceedings{munteanu,
  title={Web-based language modelling for automatic lecture transcription.},
  author={Munteanu, Cosmin and Penn, Gerald and Baecker, Ronald},
  booktitle={INTERSPEECH},
  pages={2353--2356},
  year={2007}
}

@inproceedings{kato2000,
  title={Automatic transcription of lecture speech using topic-independent language modeling},
  author={Kato, Kazuomi and Nanjo, Hiroaki and Kawahara, Tatsuya},
  booktitle={Sixth International Conference on Spoken Language Processing},
  year={2000}
}

@inproceedings{cettolo,
  title={Advances in the automatic transcription of lectures},
  author={Cettolo, Mauro and Brugnara, Fabio and Federico, Marcello},
  booktitle={Acoustics, Speech, and Signal Processing, 2004. Proceedings.(ICASSP'04). IEEE International Conference on},
  volume={1},
  pages={I--769},
  year={2004},
  organization={IEEE}
}

@inproceedings{glass,
  title={Analysis and processing of lecture audio data: Preliminary investigations},
  author={Glass, James and Hazen, Timothy J and Hetherington, Lee and Wang, Chao},
  booktitle={Proceedings of the Workshop on Interdisciplinary Approaches to Speech Indexing and Retrieval at HLT-NAACL 2004},
  pages={9--12},
  year={2004},
  organization={Association for Computational Linguistics}
}

@article{yamazaki,
  title={Dynamic language model adaptation using presentation slides for lecture speech recognition},
  author={Yamazaki, Hiroki and Iwano, Koji and Shinoda, Koichi and Furui, Sadaoki and Yokota, Haruo},
  journal={Proc. INTERSPEECH 2007},
  pages={2349--2352},
  year={2007}
}

@article{florian1996blackwell,
  title={{The Blackwell encyclopedia of writing systems}},
  author={Florian, Coulmas},
  journal={Oxford: Blackwell},
  year={1996}
}

@book{cmuArpa,
  title={{CMUSphinx ARPA Language models}},
  howpublished = {\url{http://cmusphinx.sourceforge.net/wiki/sphinx4:standardgrammarformats}},
    year={2015 (accessed 23.8.15)}
}

@book{cmuDict,
  title={{cmudict-en-us.dict}},
  howpublished = {\url{https://github.com/cmusphinx/sphinx4/blob/master/sphinx4-data/src/main/resources/edu/cmu/sphinx/models/en-us/cmudict-en-us.dict}},
  year={2015}
}

@book{cmuLm,
  title={{cmusphinx-5.0-en-us.lm}},
  howpublished = {\url{http://sourceforge.net/projects/cmusphinx/files/Acoustic\%20and\%20Language\%20Models/US\%20English\%20Generic\%20Language\%20Model/}},
    year={2015}
}

@book{wikiLM,
  title={{English Wikipedia Language Model article}},
  howpublished = {\url{https://en.wikipedia.org/wiki/Language_model}},
  year={2015 (accessed 23.8.15)}
}

@book{wikiArpabet,
  title={{English Wikipedia Arpabet article}},
  howpublished = {\url{https://en.wikipedia.org/wiki/Arpabet}},
  year={2015 (accessed 22.8.15)}
}

@book{stevenson2011concise,
  title={{Concise Oxford English Dictionary: Book \& CD-ROM Set}},
  author={Stevenson, Angus and Waite, Maurice},
  year={2011},
  publisher={Oxford University Press}
}

@book{cruttenden2014gimson,
  title={{Gimson's pronunciation of English}},
  author={Cruttenden, Alan},
  year={2014},
  publisher={Routledge}
}

@book{openyale,
  title={{Open Yale Courses Website}},
  howpublished = {\url{http://oyc.yale.edu/}}
}

@article{hinton2012deep,
  title={Deep neural networks for acoustic modeling in speech recognition: The shared views of four research groups},
  author={Hinton, Geoffrey and Deng, Li and Yu, Dong and Dahl, George E and Mohamed, Abdel-rahman and Jaitly, Navdeep and Senior, Andrew and Vanhoucke, Vincent and Nguyen, Patrick and Sainath, Tara N and others},
  journal={Signal Processing Magazine, IEEE},
  volume={29},
  number={6},
  pages={82--97},
  year={2012},
  publisher={IEEE}
}

@book{cmufaq,
  title={{comp.speech Frequently Asked Questions}},
  howpublished = {\url{http://www.speech.cs.cmu.edu/comp.speech/Section6/Q6.1.html}}
}

@article{rabiner,
  title={Fundamentals of speech recognition},
  author={Rabiner, Lawrence and Juang, Biing-Hwang},
  year={1993},
  publisher={Prentice hall}
}

@article{marquard,
  title={Improving searchability of automatically transcribed lectures through dynamic language modelling},
  author={Marquard, Stephen},
  year={2012},
  publisher={University of Cape Town}
}

@article{corpus,
  title={A Corpus of Spontaneous Speech in Lectures: The KIT Lecture Corpus for Spoken Language Processing and Translation},
  author={Cho, Eunah and F{\"u}nfer, Sarah and St{\"u}ker, Sebastian and Waibel, Alex}
}

@inproceedings{real,
  title={A real-world system for simultaneous translation of German lectures.},
  author={Cho, Eunah and F{\"u}gen, Christian and Herrmann, Teresa and Kilgour, Kevin and Mediani, Mohammed and Mohr, Christian and Niehues, Jan and Rottmann, Kay and Saam, Christian and St{\"u}ker, Sebastian and others},
  booktitle={INTERSPEECH},
  pages={3473--3477},
  year={2013}
}

@inproceedings{kawahara08,
  title={Automatic lecture transcription by exploiting presentation slide information for language model adaptation},
  author={Kawahara, Tatsuya and Nemoto, Yusuke and Akita, Yuya},
  booktitle={Acoustics, Speech and Signal Processing, 2008. ICASSP 2008. IEEE International Conference on},
  pages={4929--4932},
  year={2008},
  organization={IEEE}
}

@inproceedings{cerva2012browsing,
  title={Browsing, indexing and automatic transcription of lectures for distance learning},
  author={Cerva, Petr and Silovsky, Jan and Zdansky, Jindrich and Smola, Ondrej and Blavka, Karel and Palecek, Karel and Nouza, Jan and Malek, Jiri},
  booktitle={Multimedia Signal Processing (MMSP), 2012 IEEE 14th International Workshop on},
  pages={198--202},
  year={2012},
  organization={IEEE}
}

@inproceedings{maergner2012unsupervised,
  title={Unsupervised vocabulary selection for real-time speech recognition of lectures},
  author={Maergner, Paul and Waibel, Alex and Lane, Ian},
  booktitle={Acoustics, Speech and Signal Processing (ICASSP), 2012 IEEE International Conference on},
  pages={4417--4420},
  year={2012},
  organization={IEEE}
}

@inproceedings{miranda,
  title={Improving ASR by integrating lecture audio and slides},
  author={Miranda, Joao and Neto, Joao Paulo and Black, Alan W},
  booktitle={Acoustics, Speech and Signal Processing (ICASSP), 2013 IEEE International Conference on},
  pages={8131--8135},
  year={2013},
  organization={IEEE}
}
